
@article{nerf2020,
  author    = {Ben Mildenhall and
               Pratul P. Srinivasan and
               Matthew Tancik and
               Jonathan T. Barron and
               Ravi Ramamoorthi and
               Ren Ng},
  title     = {NeRF: Representing Scenes as Neural Radiance Fields for View Synthesis},
  journal   = {CoRR},
  volume    = {abs/2003.08934},
  year      = {2020},
  url       = {https://arxiv.org/abs/2003.08934},
  eprinttype = {arXiv},
  eprint    = {2003.08934},
  timestamp = {Tue, 24 Mar 2020 16:42:29 +0100},
  biburl    = {https://dblp.org/rec/journals/corr/abs-2003-08934.bib},
  bibsource = {dblp computer science bibliography, https://dblp.org}
}

@misc{benaim2022,
  doi = {10.48550/ARXIV.2206.02776},
  
  url = {https://arxiv.org/abs/2206.02776},
  
  author = {Benaim, Sagie and Warburg, Frederik and Christensen, Peter Ebert and Belongie, Serge},
  
  keywords = {Computer Vision and Pattern Recognition (cs.CV), FOS: Computer and information sciences, FOS: Computer and information sciences},
  
  title = {Volumetric Disentanglement for 3D Scene Manipulation},
  
  publisher = {arXiv},
  
  year = {2022},
  
  copyright = {Creative Commons Attribution 4.0 International}
}


@article{vaswani2017,
  author    = {Ashish Vaswani and
               Noam Shazeer and
               Niki Parmar and
               Jakob Uszkoreit and
               Llion Jones and
               Aidan N. Gomez and
               Lukasz Kaiser and
               Illia Polosukhin},
  title     = {Attention Is All You Need},
  journal   = {CoRR},
  volume    = {abs/1706.03762},
  year      = {2017},
  url       = {http://arxiv.org/abs/1706.03762},
  eprinttype = {arXiv},
  eprint    = {1706.03762},
  timestamp = {Sat, 23 Jan 2021 01:20:40 +0100},
  biburl    = {https://dblp.org/rec/journals/corr/VaswaniSPUJGKP17.bib},
  bibsource = {dblp computer science bibliography, https://dblp.org}
}

@article{resnet-paper,
  author    = {Kaiming He and
               Xiangyu Zhang and
               Shaoqing Ren and
               Jian Sun},
  title     = {Deep Residual Learning for Image Recognition},
  journal   = {CoRR},
  volume    = {abs/1512.03385},
  year      = {2015},
  url       = {http://arxiv.org/abs/1512.03385},
  eprinttype = {arXiv},
  eprint    = {1512.03385},
  timestamp = {Wed, 17 Apr 2019 17:23:45 +0200},
  biburl    = {https://dblp.org/rec/journals/corr/HeZRS15.bib},
  bibsource = {dblp computer science bibliography, https://dblp.org}
}

@article{vit-paper,
  author    = {Alexey Dosovitskiy and
               Lucas Beyer and
               Alexander Kolesnikov and
               Dirk Weissenborn and
               Xiaohua Zhai and
               Thomas Unterthiner and
               Mostafa Dehghani and
               Matthias Minderer and
               Georg Heigold and
               Sylvain Gelly and
               Jakob Uszkoreit and
               Neil Houlsby},
  title     = {An Image is Worth 16x16 Words: Transformers for Image Recognition
               at Scale},
  journal   = {CoRR},
  volume    = {abs/2010.11929},
  year      = {2020},
  url       = {https://arxiv.org/abs/2010.11929},
  eprinttype = {arXiv},
  eprint    = {2010.11929},
  timestamp = {Fri, 20 Nov 2020 14:04:05 +0100},
  biburl    = {https://dblp.org/rec/journals/corr/abs-2010-11929.bib},
  bibsource = {dblp computer science bibliography, https://dblp.org}
}

@misc{ramesh2022,
  doi = {10.48550/ARXIV.2204.06125},
  
  url = {https://arxiv.org/abs/2204.06125},
  
  author = {Ramesh, Aditya and Dhariwal, Prafulla and Nichol, Alex and Chu, Casey and Chen, Mark},
  
  keywords = {Computer Vision and Pattern Recognition (cs.CV), FOS: Computer and information sciences, FOS: Computer and information sciences},
  
  title = {Hierarchical Text-Conditional Image Generation with CLIP Latents},
  
  publisher = {arXiv},
  
  year = {2022},
  
  copyright = {Creative Commons Attribution 4.0 International}
}



@article{radford2021,
  author    = {Alec Radford and
               Jong Wook Kim and
               Chris Hallacy and
               Aditya Ramesh and
               Gabriel Goh and
               Sandhini Agarwal and
               Girish Sastry and
               Amanda Askell and
               Pamela Mishkin and
               Jack Clark and
               Gretchen Krueger and
               Ilya Sutskever},
  title     = {Learning Transferable Visual Models From Natural Language Supervision},
  journal   = {CoRR},
  volume    = {abs/2103.00020},
  year      = {2021},
  url       = {https://arxiv.org/abs/2103.00020},
  eprinttype = {arXiv},
  eprint    = {2103.00020},
  timestamp = {Thu, 04 Mar 2021 17:00:40 +0100},
  biburl    = {https://dblp.org/rec/journals/corr/abs-2103-00020.bib},
  bibsource = {dblp computer science bibliography, https://dblp.org}
}

@misc{control-nerf,
  doi = {10.48550/ARXIV.2204.10850},
  
  url = {https://arxiv.org/abs/2204.10850},
  
  author = {Lazova, Verica and Guzov, Vladimir and Olszewski, Kyle and Tulyakov, Sergey and Pons-Moll, Gerard},
  
  keywords = {Computer Vision and Pattern Recognition (cs.CV), FOS: Computer and information sciences, FOS: Computer and information sciences},
  
  title = {Control-NeRF: Editable Feature Volumes for Scene Rendering and Manipulation},
  
  publisher = {arXiv},
  
  year = {2022},
  
  copyright = {arXiv.org perpetual, non-exclusive license}
}

@misc{clip-nerf,
  doi = {10.48550/ARXIV.2112.05139},
  
  url = {https://arxiv.org/abs/2112.05139},
  
  author = {Wang, Can and Chai, Menglei and He, Mingming and Chen, Dongdong and Liao, Jing},
  
  keywords = {Computer Vision and Pattern Recognition (cs.CV), Graphics (cs.GR), FOS: Computer and information sciences, FOS: Computer and information sciences},
  
  title = {CLIP-NeRF: Text-and-Image Driven Manipulation of Neural Radiance Fields},
  
  publisher = {arXiv},
  
  year = {2021},
  
  copyright = {arXiv.org perpetual, non-exclusive license}
}

@misc{laterf,
  doi = {10.48550/ARXIV.2207.01583},
  
  url = {https://arxiv.org/abs/2207.01583},
  
  author = {Mirzaei, Ashkan and Kant, Yash and Kelly, Jonathan and Gilitschenski, Igor},
  
  keywords = {Computer Vision and Pattern Recognition (cs.CV), FOS: Computer and information sciences, FOS: Computer and information sciences},
  
  title = {LaTeRF: Label and Text Driven Object Radiance Fields},
  
  publisher = {arXiv},
  
  year = {2022},
  
  copyright = {arXiv.org perpetual, non-exclusive license}
}



@article{balduzzi2017,
  doi = {10.48550/ARXIV.1702.08591},
  
  url = {https://arxiv.org/abs/1702.08591},
  
  author = {Balduzzi, David and Frean, Marcus and Leary, Lennox and Lewis, JP and Ma, Kurt Wan-Duo and McWilliams, Brian},
  
  keywords = {Neural and Evolutionary Computing (cs.NE), Machine Learning (cs.LG), Machine Learning (stat.ML), FOS: Computer and information sciences, FOS: Computer and information sciences},
  
  title = {The Shattered Gradients Problem: If resnets are the answer, then what is the question?},
  
  publisher = {arXiv},
  
  year = {2017},
  
  copyright = {arXiv.org perpetual, non-exclusive license}
}


@article{mueller2022,
  author    = {Thomas M{\"{u}}ller and
               Alex Evans and
               Christoph Schied and
               Alexander Keller},
  title     = {Instant Neural Graphics Primitives with a Multiresolution Hash Encoding},
  journal   = {CoRR},
  volume    = {abs/2201.05989},
  year      = {2022},
  url       = {https://arxiv.org/abs/2201.05989},
  eprinttype = {arXiv},
  eprint    = {2201.05989},
  timestamp = {Fri, 21 Jan 2022 13:57:15 +0100},
  biburl    = {https://dblp.org/rec/journals/corr/abs-2201-05989.bib},
  bibsource = {dblp computer science bibliography, https://dblp.org}
}


@misc{fourer-features2020,
  doi = {10.48550/ARXIV.2006.10739},
  
  url = {https://arxiv.org/abs/2006.10739},
  
  author = {Tancik, Matthew and Srinivasan, Pratul P. and Mildenhall, Ben and Fridovich-Keil, Sara and Raghavan, Nithin and Singhal, Utkarsh and Ramamoorthi, Ravi and Barron, Jonathan T. and Ng, Ren},
  
  keywords = {Computer Vision and Pattern Recognition (cs.CV), Machine Learning (cs.LG), FOS: Computer and information sciences, FOS: Computer and information sciences},
  
  title = {Fourier Features Let Networks Learn High Frequency Functions in Low Dimensional Domains},
  
  publisher = {arXiv},
  
  year = {2020},
  
  copyright = {arXiv.org perpetual, non-exclusive license}
}
